
</collection>
<collection xmlns="http://www.loc.gov/MARC21/slim">
<record>
  <controlfield tag="001">1879431</controlfield>
  <controlfield tag="005">20210326220204.0</controlfield>
  <datafield tag="024" ind1="8" ind2=" ">
    <subfield code="a">oai:cds.cern.ch:1879431</subfield>
    <subfield code="q">cerncds:MEMORIAV</subfield>
  </datafield>
  <datafield tag="100" ind1=" " ind2=" ">
    <subfield code="a">CERN - Service technique des conf\xc3\xa9rences</subfield>
  </datafield>
  <datafield tag="245" ind1=" " ind2=" ">
    <subfield code="a">Early CERN: Interview of Ugo Amaldi, Mervyn Hine and Victor Weisskopf, 12 August 1994 - Part 1</subfield>
  </datafield>
  <datafield tag="260" ind1=" " ind2=" ">
    <subfield code="a">Geneva</subfield>
    <subfield code="b">CERN</subfield>
    <subfield code="c">1994</subfield>
  </datafield>
  <datafield tag="269" ind1=" " ind2=" ">
    <subfield code="c">1994-08-12</subfield>
  </datafield>
  <datafield tag="337" ind1=" " ind2=" ">
    <subfield code="a">Video</subfield>
  </datafield>
  <datafield tag="340" ind1=" " ind2=" ">
    <subfield code="a">BetacamSP</subfield>
  </datafield>
  <datafield tag="500" ind1=" " ind2=" ">
    <subfield code="a">The video was digitized from its original recording as part of the CERN Digital Memory project</subfield>
  </datafield>
  <datafield tag="511" ind1=" " ind2=" ">
    <subfield code="1">Amaldi, Edoardo</subfield>
  </datafield>
  <datafield tag="511" ind1=" " ind2=" ">
    <subfield code="1">Hine, Mervyn</subfield>
  </datafield>
  <datafield tag="511" ind1=" " ind2=" ">
    <subfield code="1">Weisskopf, Victor F.</subfield>
  </datafield>
  <datafield tag="583" ind1="1" ind2=" ">
    <subfield code="2">pda</subfield>
    <subfield code="3">BetacamSP</subfield>
    <subfield code="5">SzGeCERN</subfield>
    <subfield code="6">HDD19</subfield>
    <subfield code="a">digitized</subfield>
    <subfield code="b">S1V1: SDI Signal - Digital Betacam, Betacam SP, Betacam, Betacam SX, DVCAM, DVCPRO, DV/Mini DV</subfield>
    <subfield code="c">20180322</subfield>
    <subfield code="f">CERN Digital Memory Project</subfield>
    <subfield code="f">unknown</subfield>
    <subfield code="i">CREATE-MARC-run20180612_0906</subfield>
    <subfield code="k">PICTURAE</subfield>
    <subfield code="u">https://cds.cern.ch/record/2257246</subfield>
    <subfield code="x">- VISUAL INSPECTION TABLE timing: from 22/03/2018 14:38 to 22/03/2018 14:38 - - RTI VT 4100 timing: from 22/03/2018 14:38 to 22/03/2018 14:48 - - MAC-V014 timing: from 22/03/2018 18:13 to 22/03/2018 18:59 - - MANUAL QC GEN timing: from 22/03/2018 18:59 to 22/03/2018 18:59 - - MANUAL QC GEN timing: from 22/03/2018 23:45 to 22/03/2018 23:45 - - FILE_PRESENCE timing: from 22/03/2018 23:45 to 22/03/2018 23:45 -</subfield>
    <subfield code="z">- VISUAL INSPECTION TABLE of BetacamSP () true - - RTI VT 4100 of BetacamSP () true - - MAC-V014 of BetacamSP () true - - MANUAL QC GEN of BetacamSP () true - - MANUAL QC GEN of BetacamSP () true - - FILE_PRESENCE of BetacamSP () true -</subfield>
  </datafield>
  <datafield tag="653" ind1="1" ind2=" ">
    <subfield code="9">CERN</subfield>
  </datafield>
  <datafield tag="690" ind1="C" ind2=" ">
    <subfield code="a">movingimages</subfield>
  </datafield>
  <datafield tag="690" ind1="C" ind2=" ">
    <subfield code="a">Unknown</subfield>
  </datafield>
  <datafield tag="852" ind1=" " ind2=" ">
    <subfield code="a">60</subfield>
    <subfield code="c">CM-A00000364</subfield>
  </datafield>
  <datafield tag="856" ind1="4" ind2=" ">
    <subfield code="2">EOS</subfield>
    <subfield code="q">MP4</subfield>
    <subfield code="s">329448227</subfield>
    <subfield code="u">https://cern.ch/digital-memory/media-archive/video/2018/mp4/CM-A00000364-010.mp4</subfield>
    <subfield code="w">(PICTURAE:MD5)ac_S1V1_CM-A00000364-010.mp4;f0578d04b31b5c76b115e43e63ca7309</subfield>
    <subfield code="y">Video-CM-A00000364-010</subfield>
    <subfield code="z">mp4 video format (640x360)</subfield>
  </datafield>
  <datafield tag="856" ind1="7" ind2=" ">
    <subfield code="2">EOS</subfield>
    <subfield code="d">/eos/media/cds/public/www/digital-memory/media-archive/video/2018/mkv/CM-A00000364-010.mkv</subfield>
    <subfield code="q">MKV</subfield>
    <subfield code="s">36379704961</subfield>
    <subfield code="w">(PICTURAE:MD5)pm_S1V1_CM-A00000364-010.mkv;ffed013fe664477d41a8ab05baa49d58</subfield>
  </datafield>
  <datafield tag="856" ind1="7" ind2=" ">
    <subfield code="2">EOS</subfield>
    <subfield code="d">/eos/media/cds/public/www/digital-memory/media-archive/video/2018/mov/CM-A00000364-010.mov</subfield>
    <subfield code="q">MOV</subfield>
    <subfield code="s">8879288140</subfield>
    <subfield code="w">(PICTURAE:MD5)am_S1V1_CM-A00000364-010.mov;c17bc5e47fb5791f8e7dfb901cc90fd4</subfield>
  </datafield>
  <datafield tag="960" ind1=" " ind2=" ">
    <subfield code="a">85</subfield>
  </datafield>
  <datafield tag="960" ind1=" " ind2=" ">
    <subfield code="a">200</subfield>
  </datafield>
  <datafield tag="963" ind1=" " ind2=" ">
    <subfield code="a">Access unknown</subfield>
  </datafield>
  <datafield tag="980" ind1=" " ind2=" ">
    <subfield code="a">VIDEOARC</subfield>
  </datafield>
</record>