
</collection>
<collection xmlns="http://www.loc.gov/MARC21/slim">
<record>
  <controlfield tag="001">1879389</controlfield>
  <controlfield tag="005">20210326220201.0</controlfield>
  <datafield tag="024" ind1="8" ind2=" ">
    <subfield code="a">oai:cds.cern.ch:1879389</subfield>
    <subfield code="q">cerncds:MEMORIAV</subfield>
  </datafield>
  <datafield tag="100" ind1=" " ind2=" ">
    <subfield code="a">CERN - Service technique des conf\xc3\xa9rences</subfield>
  </datafield>
  <datafield tag="245" ind1=" " ind2=" ">
    <subfield code="a">Title unknown</subfield>
  </datafield>
  <datafield tag="260" ind1=" " ind2=" ">
    <subfield code="a">Geneva</subfield>
    <subfield code="b">CERN</subfield>
    <subfield code="c">Year unknown</subfield>
  </datafield>
  <datafield tag="337" ind1=" " ind2=" ">
    <subfield code="a">Video</subfield>
  </datafield>
  <datafield tag="340" ind1=" " ind2=" ">
    <subfield code="a">U-matic</subfield>
  </datafield>
  <datafield tag="500" ind1=" " ind2=" ">
    <subfield code="a">The video was digitized from its original recording as part of the CERN Digital Memory project</subfield>
  </datafield>
  <datafield tag="514" ind1=" " ind2=" ">
    <subfield code="a">Low RF, noisy picture -  Video tracking issue -  </subfield>
  </datafield>
  <datafield tag="583" ind1="1" ind2=" ">
    <subfield code="i">CREATE-MARC-run20180612_0906</subfield>
    <subfield code="a">digitized</subfield>
    <subfield code="2">pda</subfield>
    <subfield code="f">CERN Digital Memory Project</subfield>
    <subfield code="k">PICTURAE</subfield>
    <subfield code="u">https://cds.cern.ch/record/2257246</subfield>
    <subfield code="5">SzGeCERN</subfield>
    <subfield code="b">C1V1: Composite\tSignal - U-Matic,\xc2\xa0U-Matic SP,\xc2\xa0VHS, 1 inch C, 1 inch B, Video , Betamax </subfield>
    <subfield code="3">U-matic</subfield>
    <subfield code="f">unknown</subfield>
    <subfield code="z">
 - VISUAL INSPECTION TABLE of U-matic () true  - 
 - RTI VT 3100 of U-matic () true  - 
 - MAC-V025 of U-matic () true Video tracking issue - 
 - MANUAL QC GEN of U-matic () true Low RF, noisy picture - 
 - MANUAL QC GEN of U-matic () true  - 
 - FILE_PRESENCE of U-matic () true  - 
      </subfield>
    <subfield code="x">
 - VISUAL INSPECTION TABLE timing: from 17/03/2018 09:14 to 17/03/2018 09:14 -
 - RTI VT 3100 timing: from 17/03/2018 09:14 to 17/03/2018 09:14 -
 - MAC-V025 timing: from 17/03/2018 10:08 to 17/03/2018 11:11 -
 - MANUAL QC GEN timing: from 17/03/2018 11:11 to 17/03/2018 11:11 -
 - MANUAL QC GEN timing: from 17/03/2018 22:55 to 17/03/2018 22:55 -
 - FILE_PRESENCE timing: from 17/03/2018 22:55 to 17/03/2018 22:55 -
       </subfield>
    <subfield code="c">20180317</subfield>
    <subfield code="6">HDD19</subfield>
  </datafield>
  <datafield tag="653" ind1="1" ind2=" ">
    <subfield code="9">CERN</subfield>
  </datafield>
  <datafield tag="690" ind1="C" ind2=" ">
    <subfield code="a">movingimages</subfield>
  </datafield>
  <datafield tag="690" ind1="C" ind2=" ">
    <subfield code="a">Unknown</subfield>
  </datafield>
  <datafield tag="852" ind1=" " ind2=" ">
    <subfield code="a">60</subfield>
    <subfield code="c">CM-A00000353</subfield>
  </datafield>
  <datafield tag="856" ind1="4" ind2=" ">
    <subfield code="2">EOS</subfield>
    <subfield code="q">MP4</subfield>
    <subfield code="u">https://cern.ch/digital-memory/media-archive/video/2018/mp4/CM-A00000353-016.mp4</subfield>
    <subfield code="s">140433017</subfield>
    <subfield code="y">Video-CM-A00000353-016</subfield>
    <subfield code="z">mp4 video format (640x360)</subfield>
    <subfield code="w">(PICTURAE:MD5)ac_C1V1_CM-A00000353-016.mp4;837de2c8cdc77e17a7d34bb224500ec5</subfield>
  </datafield>
  <datafield tag="856" ind1="7" ind2=" ">
    <subfield code="2">EOS</subfield>
    <subfield code="q">MKV</subfield>
    <subfield code="d">/eos/media/cds/public/www/digital-memory/media-archive/video/2018/mkv/CM-A00000353-016.mkv</subfield>
    <subfield code="s">12653337953</subfield>
    <subfield code="w">(PICTURAE:MD5)pm_C1V1_CM-A00000353-016.mkv;5e5fb0c9cddedab5332bfc969746207b</subfield>
  </datafield>
  <datafield tag="856" ind1="7" ind2=" ">
    <subfield code="2">EOS</subfield>
    <subfield code="q">MOV</subfield>
    <subfield code="d">/eos/media/cds/public/www/digital-memory/media-archive/video/2018/mov/CM-A00000353-016.mov</subfield>
    <subfield code="s">4532295733</subfield>
    <subfield code="w">(PICTURAE:MD5)am_C1V1_CM-A00000353-016.mov;b8b210dcaad2a0bf0a47fb61636f6ec6</subfield>
  </datafield>
  <datafield tag="960" ind1=" " ind2=" ">
    <subfield code="a">85</subfield>
  </datafield>
  <datafield tag="960" ind1=" " ind2=" ">
    <subfield code="a">200</subfield>
  </datafield>
  <datafield tag="963" ind1=" " ind2=" ">
    <subfield code="a">Access unknown</subfield>
  </datafield>
  <datafield tag="980" ind1=" " ind2=" ">
    <subfield code="a">VIDEOARC</subfield>
  </datafield>
</record>