
</collection>
<collection xmlns="http://www.loc.gov/MARC21/slim">
<record>
  <controlfield tag="001">1879383</controlfield>
  <controlfield tag="005">20210326220201.0</controlfield>
  <datafield tag="024" ind1="8" ind2=" ">
    <subfield code="a">oai:cds.cern.ch:1879383</subfield>
    <subfield code="q">cerncds:MEMORIAV</subfield>
  </datafield>
  <datafield tag="100" ind1=" " ind2=" ">
    <subfield code="a">CERN - Service technique des conf\xc3\xa9rences</subfield>
  </datafield>
  <datafield tag="245" ind1=" " ind2=" ">
    <subfield code="a">Title unknown</subfield>
  </datafield>
  <datafield tag="260" ind1=" " ind2=" ">
    <subfield code="a">Geneva</subfield>
    <subfield code="b">CERN</subfield>
    <subfield code="c">Year unknown</subfield>
  </datafield>
  <datafield tag="337" ind1=" " ind2=" ">
    <subfield code="a">Video</subfield>
  </datafield>
  <datafield tag="340" ind1=" " ind2=" ">
    <subfield code="a">U-matic</subfield>
  </datafield>
  <datafield tag="500" ind1=" " ind2=" ">
    <subfield code="a">The video was digitized from its original recording as part of the CERN Digital Memory project</subfield>
  </datafield>
  <datafield tag="514" ind1=" " ind2=" ">
    <subfield code="a">Binding issue - Sticky -  High frequency interference pattern -  Low RF, noisy picture -  Noisy / Saturated audio -  Video tracking issue -  </subfield>
  </datafield>
  <datafield tag="583" ind1="1" ind2=" ">
    <subfield code="i">CREATE-MARC-run20180612_0906</subfield>
    <subfield code="a">digitized</subfield>
    <subfield code="2">pda</subfield>
    <subfield code="f">CERN Digital Memory Project</subfield>
    <subfield code="k">PICTURAE</subfield>
    <subfield code="u">https://cds.cern.ch/record/2257246</subfield>
    <subfield code="5">SzGeCERN</subfield>
    <subfield code="b">C1V1: Composite\tSignal - U-Matic,\xc2\xa0U-Matic SP,\xc2\xa0VHS, 1 inch C, 1 inch B, Video , Betamax </subfield>
    <subfield code="3">U-matic</subfield>
    <subfield code="f">unknown</subfield>
    <subfield code="z">
 - VISUAL INSPECTION TABLE of U-matic () true  - 
 - RTI VT 3100 of U-matic () false Binding issue - Sticky - 
 - OVEN of U-matic () true  - 
 - RTI VT 3100 of U-matic () true  - 
 - MAC-V021 of U-matic () true  - 
 - MANUAL QC GEN of U-matic () true  - 
 - MANUAL QC GEN of U-matic () true  - 
 - FILE_PRESENCE of U-matic () true  - 
 - OVEN of U-matic () true  - 
 - RTI VT 3100 of U-matic () true  - 
 - MAC-V021 of U-matic () true  - 
 - MANUAL QC GEN of U-matic () true  - 
 - OVEN of U-matic () true  - 
 - MANUAL QC GEN of U-matic () true  - 
 - FILE_PRESENCE of U-matic () true  - 
 - RTI VT 3100 of U-matic () true  - 
 - MAC-V021 of U-matic () true Low RF, noisy picture | Video tracking issue | High frequency interference pattern | Noisy / Saturated audio - 
 - MANUAL QC GEN of U-matic () true  - 
 - MANUAL QC GEN of U-matic () true  - 
 - FILE_PRESENCE of U-matic () true  - 
      </subfield>
    <subfield code="x">
 - VISUAL INSPECTION TABLE timing: from 15/03/2018 09:30 to 15/03/2018 09:30 -
 - RTI VT 3100 timing: from 15/03/2018 09:30 to 15/03/2018 09:33 -
 - OVEN timing: from 15/03/2018 16:52 to 20/03/2018 13:08 -
 - RTI VT 3100 timing: from 20/03/2018 13:08 to 20/03/2018 14:35 -
 - MAC-V021 timing: from 20/03/2018 15:26 to 20/03/2018 15:34 -
 - MANUAL QC GEN timing: from 20/03/2018 15:34 to 20/03/2018 15:34 -
 - MANUAL QC GEN timing: from 20/03/2018 22:02 to 20/03/2018 22:02 -
 - FILE_PRESENCE timing: from 20/03/2018 22:02 to 20/03/2018 22:02 -
 - OVEN timing: from 21/03/2018 15:09 to 22/03/2018 16:19 -
 - RTI VT 3100 timing: from 23/03/2018 08:14 to 23/03/2018 10:06 -
 - MAC-V021 timing: from 26/03/2018 09:13 to 26/03/2018 09:23 -
 - MANUAL QC GEN timing: from 26/03/2018 09:24 to 26/03/2018 09:24 -
 - OVEN timing: from 26/03/2018 12:24 to 27/03/2018 14:27 -
 - MANUAL QC GEN timing: from 26/03/2018 22:02 to 26/03/2018 22:02 -
 - FILE_PRESENCE timing: from 26/03/2018 22:02 to 26/03/2018 22:02 -
 - RTI VT 3100 timing: from 27/03/2018 14:28 to 27/03/2018 15:21 -
 - MAC-V021 timing: from 29/03/2018 09:52 to 29/03/2018 10:08 -
 - MANUAL QC GEN timing: from 29/03/2018 10:08 to 29/03/2018 10:08 -
 - MANUAL QC GEN timing: from 03/04/2018 22:57 to 03/04/2018 22:57 -
 - FILE_PRESENCE timing: from 03/04/2018 22:57 to 03/04/2018 22:57 -
       </subfield>
    <subfield code="c">20180403</subfield>
    <subfield code="6">HDD19</subfield>
  </datafield>
  <datafield tag="653" ind1="1" ind2=" ">
    <subfield code="9">CERN</subfield>
  </datafield>
  <datafield tag="690" ind1="C" ind2=" ">
    <subfield code="a">movingimages</subfield>
  </datafield>
  <datafield tag="690" ind1="C" ind2=" ">
    <subfield code="a">Unknown</subfield>
  </datafield>
  <datafield tag="852" ind1=" " ind2=" ">
    <subfield code="a">60</subfield>
    <subfield code="c">CM-A00000343</subfield>
  </datafield>
  <datafield tag="856" ind1="4" ind2=" ">
    <subfield code="2">EOS</subfield>
    <subfield code="q">MP4</subfield>
    <subfield code="u">https://cern.ch/digital-memory/media-archive/video/2018/mp4/CM-A00000343-032.mp4</subfield>
    <subfield code="s">11649319</subfield>
    <subfield code="y">Video-CM-A00000343-032</subfield>
    <subfield code="z">mp4 video format (640x360)</subfield>
    <subfield code="w">(PICTURAE:MD5)ac_C1V1_CM-A00000343-032.mp4;5019f31dc76d5b6764598b2b2a8fa27b</subfield>
  </datafield>
  <datafield tag="856" ind1="7" ind2=" ">
    <subfield code="2">EOS</subfield>
    <subfield code="q">MKV</subfield>
    <subfield code="d">/eos/media/cds/public/www/digital-memory/media-archive/video/2018/mkv/CM-A00000343-032.mkv</subfield>
    <subfield code="s">593461632</subfield>
    <subfield code="w">(PICTURAE:MD5)pm_C1V1_CM-A00000343-032.mkv;543e2a63be729dcd1ef96adb6cad790b</subfield>
  </datafield>
  <datafield tag="856" ind1="7" ind2=" ">
    <subfield code="2">EOS</subfield>
    <subfield code="q">MOV</subfield>
    <subfield code="d">/eos/media/cds/public/www/digital-memory/media-archive/video/2018/mov/CM-A00000343-032.mov</subfield>
    <subfield code="s">276528058</subfield>
    <subfield code="w">(PICTURAE:MD5)am_C1V1_CM-A00000343-032.mov;84a97cb1061ef3eef3b1fd4d61d44430</subfield>
  </datafield>
  <datafield tag="960" ind1=" " ind2=" ">
    <subfield code="a">85</subfield>
  </datafield>
  <datafield tag="960" ind1=" " ind2=" ">
    <subfield code="a">200</subfield>
  </datafield>
  <datafield tag="963" ind1=" " ind2=" ">
    <subfield code="a">Access unknown</subfield>
  </datafield>
  <datafield tag="980" ind1=" " ind2=" ">
    <subfield code="a">VIDEOARC</subfield>
  </datafield>
</record>