
</collection>
<collection xmlns="http://www.loc.gov/MARC21/slim">
<record>
  <controlfield tag="001">1879377</controlfield>
  <controlfield tag="005">20210326220201.0</controlfield>
  <datafield tag="024" ind1="8" ind2=" ">
    <subfield code="a">oai:cds.cern.ch:1879377</subfield>
    <subfield code="q">cerncds:MEMORIAV</subfield>
  </datafield>
  <datafield tag="100" ind1=" " ind2=" ">
    <subfield code="a">CERN - Service technique des conf\xc3\xa9rences</subfield>
  </datafield>
  <datafield tag="245" ind1=" " ind2=" ">
    <subfield code="a">Title unknown</subfield>
  </datafield>
  <datafield tag="260" ind1=" " ind2=" ">
    <subfield code="a">Geneva</subfield>
    <subfield code="b">CERN</subfield>
    <subfield code="c">Year unknown</subfield>
  </datafield>
  <datafield tag="337" ind1=" " ind2=" ">
    <subfield code="a">Video</subfield>
  </datafield>
  <datafield tag="340" ind1=" " ind2=" ">
    <subfield code="a">VHS</subfield>
  </datafield>
  <datafield tag="500" ind1=" " ind2=" ">
    <subfield code="a">The video was digitized from its original recording as part of the CERN Digital Memory project</subfield>
  </datafield>
  <datafield tag="514" ind1=" " ind2=" ">
    <subfield code="a">Binding issue - Sticky -  High frequency interference pattern -  Low audio level - poor quality - out of phase -  Low RF, noisy picture -  </subfield>
  </datafield>
  <datafield tag="583" ind1="1" ind2=" ">
    <subfield code="i">CREATE-MARC-run20180612_0906</subfield>
    <subfield code="a">digitized</subfield>
    <subfield code="2">pda</subfield>
    <subfield code="f">CERN Digital Memory Project</subfield>
    <subfield code="k">PICTURAE</subfield>
    <subfield code="u">https://cds.cern.ch/record/2257246</subfield>
    <subfield code="5">SzGeCERN</subfield>
    <subfield code="b">C1V1: Composite\tSignal - U-Matic,\xc2\xa0U-Matic SP,\xc2\xa0VHS, 1 inch C, 1 inch B, Video , Betamax </subfield>
    <subfield code="3">VHS</subfield>
    <subfield code="f">unknown</subfield>
    <subfield code="z">
 - VISUAL INSPECTION TABLE of VHS () true  - 
 - RTI VT 460 of VHS () true  - 
 - MAC-V411 of VHS () false High frequency interference pattern | Binding issue - Sticky - 
 - OVEN of VHS () true  - 
 - RTI VT 460 of VHS () true  - 
 - MAC-V409 of VHS () false High frequency interference pattern - 
 - OVEN of VHS () true  - 
 - RTI VT 460 of VHS () true  - 
 - MAC-V410 of VHS () true Low RF, noisy picture | Low audio level - poor quality - out of phase - 
 - MANUAL QC GEN of VHS () true  - 
 - MANUAL QC GEN of VHS () true  - 
 - FILE_PRESENCE of VHS () true  - 
      </subfield>
    <subfield code="x">
 - VISUAL INSPECTION TABLE timing: from 19/03/2018 15:17 to 19/03/2018 15:17 -
 - RTI VT 460 timing: from 19/03/2018 15:29 to 19/03/2018 16:03 -
 - MAC-V411 timing: from 19/03/2018 20:26 to 19/03/2018 20:49 -
 - OVEN timing: from 19/03/2018 20:49 to 20/03/2018 12:29 -
 - RTI VT 460 timing: from 20/03/2018 13:55 to 21/03/2018 19:36 -
 - MAC-V409 timing: from 21/03/2018 19:36 to 21/03/2018 19:41 -
 - OVEN timing: from 21/03/2018 19:53 to 27/03/2018 12:48 -
 - RTI VT 460 timing: from 27/03/2018 13:06 to 27/03/2018 13:08 -
 - MAC-V410 timing: from 27/03/2018 17:35 to 27/03/2018 18:14 -
 - MANUAL QC GEN timing: from 27/03/2018 18:14 to 27/03/2018 18:14 -
 - MANUAL QC GEN timing: from 27/03/2018 22:24 to 27/03/2018 22:24 -
 - FILE_PRESENCE timing: from 27/03/2018 22:24 to 27/03/2018 22:24 -
       </subfield>
    <subfield code="c">20180327</subfield>
    <subfield code="6">HDD19</subfield>
  </datafield>
  <datafield tag="653" ind1="1" ind2=" ">
    <subfield code="9">CERN</subfield>
  </datafield>
  <datafield tag="690" ind1="C" ind2=" ">
    <subfield code="a">movingimages</subfield>
  </datafield>
  <datafield tag="690" ind1="C" ind2=" ">
    <subfield code="a">Unknown</subfield>
  </datafield>
  <datafield tag="852" ind1=" " ind2=" ">
    <subfield code="a">60</subfield>
    <subfield code="c">CM-A00000340</subfield>
  </datafield>
  <datafield tag="856" ind1="4" ind2=" ">
    <subfield code="2">EOS</subfield>
    <subfield code="q">MP4</subfield>
    <subfield code="u">https://cern.ch/digital-memory/media-archive/video/2018/mp4/CM-A00000340-052.mp4</subfield>
    <subfield code="s">112357538</subfield>
    <subfield code="y">Video-CM-A00000340-052</subfield>
    <subfield code="z">mp4 video format (640x360)</subfield>
    <subfield code="w">(PICTURAE:MD5)ac_C1V1_CM-A00000340-052.mp4;84abcd140c0a9310601ff34eba9af6d7</subfield>
  </datafield>
  <datafield tag="856" ind1="7" ind2=" ">
    <subfield code="2">EOS</subfield>
    <subfield code="q">MKV</subfield>
    <subfield code="d">/eos/media/cds/public/www/digital-memory/media-archive/video/2018/mkv/CM-A00000340-052.mkv</subfield>
    <subfield code="s">8440059543</subfield>
    <subfield code="w">(PICTURAE:MD5)pm_C1V1_CM-A00000340-052.mkv;8ca8f003576b7b4d06a25e5e71769ead</subfield>
  </datafield>
  <datafield tag="856" ind1="7" ind2=" ">
    <subfield code="2">EOS</subfield>
    <subfield code="q">MOV</subfield>
    <subfield code="d">/eos/media/cds/public/www/digital-memory/media-archive/video/2018/mov/CM-A00000340-052.mov</subfield>
    <subfield code="s">2795744021</subfield>
    <subfield code="w">(PICTURAE:MD5)am_C1V1_CM-A00000340-052.mov;6be1b5251c32451e1092746e6b1f09fd</subfield>
  </datafield>
  <datafield tag="960" ind1=" " ind2=" ">
    <subfield code="a">85</subfield>
  </datafield>
  <datafield tag="960" ind1=" " ind2=" ">
    <subfield code="a">200</subfield>
  </datafield>
  <datafield tag="963" ind1=" " ind2=" ">
    <subfield code="a">Access unknown</subfield>
  </datafield>
  <datafield tag="980" ind1=" " ind2=" ">
    <subfield code="a">VIDEOARC</subfield>
  </datafield>
</record>