
</collection>
<collection xmlns="http://www.loc.gov/MARC21/slim">
<record>
  <controlfield tag="001">1339999</controlfield>
  <controlfield tag="005">20191008084404.0</controlfield>
  <datafield tag="024" ind1="8" ind2=" ">
    <subfield code="a">oai:cds.cern.ch:1339999</subfield>
    <subfield code="q">cerncds:MEMORIAV</subfield>
  </datafield>
  <datafield tag="037" ind1=" " ind2=" ">
    <subfield code="a">CERN-MOVIE-1985-007-001</subfield>
  </datafield>
  <datafield tag="041" ind1=" " ind2=" ">
    <subfield code="a">eng</subfield>
  </datafield>
  <datafield tag="100" ind1=" " ind2=" ">
    <subfield code="a">Service audiovisuel</subfield>
    <subfield code="e">Produced by</subfield>
  </datafield>
  <datafield tag="245" ind1=" " ind2=" ">
    <subfield code="a">Theory Christmas party 1985</subfield>
  </datafield>
  <datafield tag="260" ind1=" " ind2=" ">
    <subfield code="c">1985</subfield>
  </datafield>
  <datafield tag="269" ind1=" " ind2=" ">
    <subfield code="b">Copyright CERN/Theory Division</subfield>
    <subfield code="c">1985-12-12</subfield>
  </datafield>
  <datafield tag="300" ind1=" " ind2=" ">
    <subfield code="a">00:42:56.120</subfield>
    <subfield code="b">720x576 4/3, 25.00</subfield>
    <subfield code="c">25</subfield>
    <subfield code="d">720x576</subfield>
    <subfield code="e">4:3</subfield>
  </datafield>
  <datafield tag="340" ind1=" " ind2=" ">
    <subfield code="a">VHS</subfield>
    <subfield code="d">PAL</subfield>
  </datafield>
  <datafield tag="500" ind1=" " ind2=" ">
    <subfield code="a">The video was digitized from its original recording as part of the CERN Digital Memory project</subfield>
  </datafield>
  <datafield tag="542" ind1=" " ind2=" ">
    <subfield code="d">CERN</subfield>
    <subfield code="e">\xc2\xa9 Copyright CERN/Theory Division</subfield>
    <subfield code="g">1985</subfield>
  </datafield>
  <datafield tag="583" ind1="1" ind2=" ">
    <subfield code="i">CREATE-MARC-run20180515_1114</subfield>
    <subfield code="a">digitized</subfield>
    <subfield code="2">pda</subfield>
    <subfield code="f">CERN Digital Memory Project</subfield>
    <subfield code="k">PICTURAE</subfield>
    <subfield code="u">https://cds.cern.ch/record/2257246</subfield>
    <subfield code="5">SzGeCERN</subfield>
    <subfield code="b">S1V1: SDI Signal - Digital Betacam, Betacam SP, Betacam, Betacam SX, DVCAM, DVCPRO, DV/Mini DV</subfield>
    <subfield code="8">a</subfield>
    <subfield code="z">
 - VISUAL INSPECTION TABLE of Betacam SP () true  - 
 - RTI VT 4100 of Betacam SP () true  - 
 - MAC-V015 of Betacam SP () true Audio present but not on all channels - 
 - MANUAL QC GEN of Betacam SP () true  - 
      </subfield>
    <subfield code="x">
 - VISUAL INSPECTION TABLE timing: from 20/10/2017 12:27 to 20/10/2017 12:27 -
 - RTI VT 4100 timing: from 20/10/2017 12:27 to 20/10/2017 12:35 -
 - MAC-V015 timing: from 23/10/2017 12:12 to 23/10/2017 12:12 -
 - MANUAL QC GEN timing: from 24/10/2017 09:00 to 24/10/2017 09:00 -
       </subfield>
    <subfield code="c">20171024</subfield>
  </datafield>
  <datafield tag="583" ind1="1" ind2=" ">
    <subfield code="i">CREATE-MARC-run20180515_1114</subfield>
    <subfield code="a">digitized</subfield>
    <subfield code="2">pda</subfield>
    <subfield code="f">CERN Digital Memory Project</subfield>
    <subfield code="k">PICTURAE</subfield>
    <subfield code="u">https://cds.cern.ch/record/2257246</subfield>
    <subfield code="5">SzGeCERN</subfield>
    <subfield code="b">S1V1: SDI Signal - Digital Betacam, Betacam SP, Betacam, Betacam SX, DVCAM, DVCPRO, DV/Mini DV</subfield>
    <subfield code="8">b</subfield>
    <subfield code="z">
 - VISUAL INSPECTION TABLE of Betacam SP () true  - 
 - RTI VT 4100 of Betacam SP () true  - 
 - MAC-V011 of Betacam SP () false Low RF, noisy picture | Video tracking issue | High frequency interference pattern - 
 - OVEN of Betacam SP () true  - 
 - RTI VT 4100 of Betacam SP () true  - 
 - MAC-V016 of Betacam SP () true Low RF, noisy picture - 
      </subfield>
    <subfield code="x">
 - VISUAL INSPECTION TABLE timing: from 20/10/2017 12:27 to 20/10/2017 12:27 -
 - RTI VT 4100 timing: from 20/10/2017 12:27 to 20/10/2017 12:35 -
 - MAC-V011 timing: from 24/10/2017 07:38 to 24/10/2017 07:40 -
 - OVEN timing: from 24/10/2017 08:56 to 26/10/2017 09:00 -
 - RTI VT 4100 timing: from 26/10/2017 12:03 to 26/10/2017 12:58 -
 - MAC-V016 timing: from 31/10/2017 09:25 to 31/10/2017 09:40 -
       </subfield>
    <subfield code="c">20171031</subfield>
  </datafield>
  <datafield tag="595" ind1=" " ind2=" ">
    <subfield code="a">CERN EDS</subfield>
  </datafield>
  <datafield tag="653" ind1="1" ind2=" ">
    <subfield code="a">TH Christmas play</subfield>
    <subfield code="9">CERN</subfield>
  </datafield>
  <datafield tag="690" ind1="C" ind2=" ">
    <subfield code="a">publvideomovie</subfield>
  </datafield>
  <datafield tag="690" ind1="C" ind2=" ">
    <subfield code="a">movingimages</subfield>
  </datafield>
  <datafield tag="773" ind1=" " ind2=" ">
    <subfield code="o">AVW.project.221</subfield>
    <subfield code="r">CERN-MOVIE-1985-007</subfield>
  </datafield>
  <datafield tag="852" ind1=" " ind2=" ">
    <subfield code="9">1</subfield>
    <subfield code="a">510-R-005</subfield>
    <subfield code="c">CM-A00000014</subfield>
    <subfield code="x">Betacam SP</subfield>
  </datafield>
  <datafield tag="852" ind1=" " ind2=" ">
    <subfield code="9">2</subfield>
    <subfield code="a">510-R-005</subfield>
    <subfield code="c">CM-A00000014</subfield>
    <subfield code="x">Betacam SP</subfield>
  </datafield>
  <datafield tag="856" ind1="7" ind2=" ">
    <subfield code="2">MediaArchive</subfield>
    <subfield code="d">\\\\cern.ch\\dfs\\Services\\MediaArchive\\Video\\Masters\\Movies\\CERN\\1985\\CERN-MOVIE-1985-007\\Final_Output\\CERN-MOVIE-1985-007-001.avi</subfield>
    <subfield code="x">Absolute master path</subfield>
  </datafield>
  <datafield tag="856" ind1="7" ind2=" ">
    <subfield code="2">MediaArchive</subfield>
    <subfield code="u">https://mediaarchive.cern.ch/MediaArchive/Video/Public/Movies/CERN/1985/CERN-MOVIE-1985-007/CERN-MOVIE-1985-007-001/CERN-MOVIE-1985-007-001-1136-kbps-640x480-audio-64-kbps-stereo.mp4</subfield>
    <subfield code="x">mp41136</subfield>
    <subfield code="y">1136 kbps maxH 480 25 fps audio 64 kbps 48 kHz stereo</subfield>
  </datafield>
  <datafield tag="856" ind1="7" ind2=" ">
    <subfield code="2">MediaArchive</subfield>
    <subfield code="u">https://mediaarchive.cern.ch/MediaArchive/Video/Public/Movies/CERN/1985/CERN-MOVIE-1985-007/CERN-MOVIE-1985-007-001/CERN-MOVIE-1985-007-001-686-kbps-480x360-audio-64-kbps-stereo.mp4</subfield>
    <subfield code="x">mp40686</subfield>
    <subfield code="y">0686 kbps maxH 360 25 fps audio 64 kbps 48 kHz stereo</subfield>
  </datafield>
  <datafield tag="856" ind1="7" ind2=" ">
    <subfield code="2">MediaArchive</subfield>
    <subfield code="u">https://mediaarchive.cern.ch/MediaArchive/Video/Public/Movies/CERN/1985/CERN-MOVIE-1985-007/CERN-MOVIE-1985-007-001/CERN-MOVIE-1985-007-001-286-kbps-320x240-audio-64-kbps-stereo.mp4</subfield>
    <subfield code="x">mp40286</subfield>
    <subfield code="y">0286 kbps maxH 240 15 fps audio 64 kbps 48 kHz stereo</subfield>
  </datafield>
  <datafield tag="856" ind1="7" ind2=" ">
    <subfield code="2">MediaArchive</subfield>
    <subfield code="u">https://mediaarchive.cern.ch/MediaArchive/Video/Public/Movies/CERN/1985/CERN-MOVIE-1985-007/CERN-MOVIE-1985-007-001/CERN-MOVIE-1985-007-001-posterframe-480x360-at-5-percent.jpg</subfield>
    <subfield code="x">jpgposterframe</subfield>
    <subfield code="y">posterframe 480x360 at 5 percent</subfield>
  </datafield>
  <datafield tag="856" ind1="7" ind2=" ">
    <subfield code="2">MediaArchive</subfield>
    <subfield code="u">https://mediaarchive.cern.ch/MediaArchive/Video/Public/Movies/CERN/1985/CERN-MOVIE-1985-007/CERN-MOVIE-1985-007-001/CERN-MOVIE-1985-007-001-posterframe-480x360-at-15-percent.jpg</subfield>
    <subfield code="x">jpgposterframe</subfield>
    <subfield code="y">posterframe 480x360 at 15 percent</subfield>
  </datafield>
  <datafield tag="856" ind1="7" ind2=" ">
    <subfield code="2">MediaArchive</subfield>
    <subfield code="u">https://mediaarchive.cern.ch/MediaArchive/Video/Public/Movies/CERN/1985/CERN-MOVIE-1985-007/CERN-MOVIE-1985-007-001/CERN-MOVIE-1985-007-001-posterframe-480x360-at-25-percent.jpg</subfield>
    <subfield code="x">jpgposterframe</subfield>
    <subfield code="y">posterframe 480x360 at 25 percent</subfield>
  </datafield>
  <datafield tag="856" ind1="7" ind2=" ">
    <subfield code="2">MediaArchive</subfield>
    <subfield code="u">https://mediaarchive.cern.ch/MediaArchive/Video/Public/Movies/CERN/1985/CERN-MOVIE-1985-007/CERN-MOVIE-1985-007-001/CERN-MOVIE-1985-007-001-posterframe-480x360-at-35-percent.jpg</subfield>
    <subfield code="x">jpgposterframe</subfield>
    <subfield code="y">posterframe 480x360 at 35 percent</subfield>
  </datafield>
  <datafield tag="856" ind1="7" ind2=" ">
    <subfield code="2">MediaArchive</subfield>
    <subfield code="u">https://mediaarchive.cern.ch/MediaArchive/Video/Public/Movies/CERN/1985/CERN-MOVIE-1985-007/CERN-MOVIE-1985-007-001/CERN-MOVIE-1985-007-001-posterframe-480x360-at-45-percent.jpg</subfield>
    <subfield code="x">jpgposterframe</subfield>
    <subfield code="y">posterframe 480x360 at 45 percent</subfield>
  </datafield>
  <datafield tag="856" ind1="7" ind2=" ">
    <subfield code="2">MediaArchive</subfield>
    <subfield code="u">https://mediaarchive.cern.ch/MediaArchive/Video/Public/Movies/CERN/1985/CERN-MOVIE-1985-007/CERN-MOVIE-1985-007-001/CERN-MOVIE-1985-007-001-posterframe-480x360-at-55-percent.jpg</subfield>
    <subfield code="x">jpgposterframe</subfield>
    <subfield code="y">posterframe 480x360 at 55 percent</subfield>
  </datafield>
  <datafield tag="856" ind1="7" ind2=" ">
    <subfield code="2">MediaArchive</subfield>
    <subfield code="u">https://mediaarchive.cern.ch/MediaArchive/Video/Public/Movies/CERN/1985/CERN-MOVIE-1985-007/CERN-MOVIE-1985-007-001/CERN-MOVIE-1985-007-001-posterframe-480x360-at-65-percent.jpg</subfield>
    <subfield code="x">jpgposterframe</subfield>
    <subfield code="y">posterframe 480x360 at 65 percent</subfield>
  </datafield>
  <datafield tag="856" ind1="7" ind2=" ">
    <subfield code="2">MediaArchive</subfield>
    <subfield code="u">https://mediaarchive.cern.ch/MediaArchive/Video/Public/Movies/CERN/1985/CERN-MOVIE-1985-007/CERN-MOVIE-1985-007-001/CERN-MOVIE-1985-007-001-posterframe-480x360-at-75-percent.jpg</subfield>
    <subfield code="x">jpgposterframe</subfield>
    <subfield code="y">posterframe 480x360 at 75 percent</subfield>
  </datafield>
  <datafield tag="856" ind1="7" ind2=" ">
    <subfield code="2">MediaArchive</subfield>
    <subfield code="u">https://mediaarchive.cern.ch/MediaArchive/Video/Public/Movies/CERN/1985/CERN-MOVIE-1985-007/CERN-MOVIE-1985-007-001/CERN-MOVIE-1985-007-001-posterframe-480x360-at-85-percent.jpg</subfield>
    <subfield code="x">jpgposterframe</subfield>
    <subfield code="y">posterframe 480x360 at 85 percent</subfield>
  </datafield>
  <datafield tag="856" ind1="7" ind2=" ">
    <subfield code="2">MediaArchive</subfield>
    <subfield code="u">https://mediaarchive.cern.ch/MediaArchive/Video/Public/Movies/CERN/1985/CERN-MOVIE-1985-007/CERN-MOVIE-1985-007-001/CERN-MOVIE-1985-007-001-posterframe-480x360-at-95-percent.jpg</subfield>
    <subfield code="x">jpgposterframe</subfield>
    <subfield code="y">posterframe 480x360 at 95 percent</subfield>
  </datafield>
  <datafield tag="856" ind1="7" ind2=" ">
    <subfield code="2">MediaArchive</subfield>
    <subfield code="u">https://mediaarchive.cern.ch/MediaArchive/Video/Public/Movies/CERN/1985/CERN-MOVIE-1985-007/CERN-MOVIE-1985-007-001/proxy-CERN-MOVIE-1985-007-001-posterframe-480x360-at-5-percent.jpg</subfield>
    <subfield code="x">jpgproxy-posterframe</subfield>
    <subfield code="y">proxy-posterframe 480x360 at 5 percent</subfield>
  </datafield>
  <datafield tag="856" ind1="7" ind2=" ">
    <subfield code="2">MediaArchive</subfield>
    <subfield code="u">https://mediaarchive.cern.ch/MediaArchive/Video/Public/Movies/CERN/1985/CERN-MOVIE-1985-007/CERN-MOVIE-1985-007-001/CERN-MOVIE-1985-007-001-thumbnail-132x101-at-5-percent.jpg</subfield>
    <subfield code="x">jpgthumbnail</subfield>
    <subfield code="y">thumbnail 132x101 at 5 percent</subfield>
  </datafield>
  <datafield tag="856" ind1="7" ind2=" ">
    <subfield code="2">MediaArchive</subfield>
    <subfield code="u">https://mediaarchive.cern.ch/MediaArchive/Video/Public/Movies/CERN/1985/CERN-MOVIE-1985-007/CERN-MOVIE-1985-007-001/CERN-MOVIE-1985-007-001-thumbnail-132x101-at-15-percent.jpg</subfield>
    <subfield code="x">jpgthumbnail</subfield>
    <subfield code="y">thumbnail 132x101 at 15 percent</subfield>
  </datafield>
  <datafield tag="856" ind1="7" ind2=" ">
    <subfield code="2">MediaArchive</subfield>
    <subfield code="u">https://mediaarchive.cern.ch/MediaArchive/Video/Public/Movies/CERN/1985/CERN-MOVIE-1985-007/CERN-MOVIE-1985-007-001/CERN-MOVIE-1985-007-001-thumbnail-132x101-at-25-percent.jpg</subfield>
    <subfield code="x">jpgthumbnail</subfield>
    <subfield code="y">thumbnail 132x101 at 25 percent</subfield>
  </datafield>
  <datafield tag="856" ind1="7" ind2=" ">
    <subfield code="2">MediaArchive</subfield>
    <subfield code="u">https://mediaarchive.cern.ch/MediaArchive/Video/Public/Movies/CERN/1985/CERN-MOVIE-1985-007/CERN-MOVIE-1985-007-001/CERN-MOVIE-1985-007-001-thumbnail-132x101-at-35-percent.jpg</subfield>
    <subfield code="x">jpgthumbnail</subfield>
    <subfield code="y">thumbnail 132x101 at 35 percent</subfield>
  </datafield>
  <datafield tag="856" ind1="7" ind2=" ">
    <subfield code="2">MediaArchive</subfield>
    <subfield code="u">https://mediaarchive.cern.ch/MediaArchive/Video/Public/Movies/CERN/1985/CERN-MOVIE-1985-007/CERN-MOVIE-1985-007-001/CERN-MOVIE-1985-007-001-thumbnail-132x101-at-45-percent.jpg</subfield>
    <subfield code="x">jpgthumbnail</subfield>
    <subfield code="y">thumbnail 132x101 at 45 percent</subfield>
  </datafield>
  <datafield tag="856" ind1="7" ind2=" ">
    <subfield code="2">MediaArchive</subfield>
    <subfield code="u">https://mediaarchive.cern.ch/MediaArchive/Video/Public/Movies/CERN/1985/CERN-MOVIE-1985-007/CERN-MOVIE-1985-007-001/CERN-MOVIE-1985-007-001-thumbnail-132x101-at-55-percent.jpg</subfield>
    <subfield code="x">jpgthumbnail</subfield>
    <subfield code="y">thumbnail 132x101 at 55 percent</subfield>
  </datafield>
  <datafield tag="856" ind1="7" ind2=" ">
    <subfield code="2">MediaArchive</subfield>
    <subfield code="u">https://mediaarchive.cern.ch/MediaArchive/Video/Public/Movies/CERN/1985/CERN-MOVIE-1985-007/CERN-MOVIE-1985-007-001/CERN-MOVIE-1985-007-001-thumbnail-132x101-at-65-percent.jpg</subfield>
    <subfield code="x">jpgthumbnail</subfield>
    <subfield code="y">thumbnail 132x101 at 65 percent</subfield>
  </datafield>
  <datafield tag="856" ind1="7" ind2=" ">
    <subfield code="2">MediaArchive</subfield>
    <subfield code="u">https://mediaarchive.cern.ch/MediaArchive/Video/Public/Movies/CERN/1985/CERN-MOVIE-1985-007/CERN-MOVIE-1985-007-001/CERN-MOVIE-1985-007-001-thumbnail-132x101-at-75-percent.jpg</subfield>
    <subfield code="x">jpgthumbnail</subfield>
    <subfield code="y">thumbnail 132x101 at 75 percent</subfield>
  </datafield>
  <datafield tag="856" ind1="7" ind2=" ">
    <subfield code="2">MediaArchive</subfield>
    <subfield code="u">https://mediaarchive.cern.ch/MediaArchive/Video/Public/Movies/CERN/1985/CERN-MOVIE-1985-007/CERN-MOVIE-1985-007-001/CERN-MOVIE-1985-007-001-thumbnail-132x101-at-85-percent.jpg</subfield>
    <subfield code="x">jpgthumbnail</subfield>
    <subfield code="y">thumbnail 132x101 at 85 percent</subfield>
  </datafield>
  <datafield tag="856" ind1="7" ind2=" ">
    <subfield code="2">MediaArchive</subfield>
    <subfield code="u">https://mediaarchive.cern.ch/MediaArchive/Video/Public/Movies/CERN/1985/CERN-MOVIE-1985-007/CERN-MOVIE-1985-007-001/CERN-MOVIE-1985-007-001-thumbnail-132x101-at-95-percent.jpg</subfield>
    <subfield code="x">jpgthumbnail</subfield>
    <subfield code="y">thumbnail 132x101 at 95 percent</subfield>
  </datafield>
  <datafield tag="856" ind1="4" ind2=" ">
    <subfield code="2">EOS</subfield>
    <subfield code="q">MP4</subfield>
    <subfield code="u">http://cern.ch/digital-memory/media-archive/video/mp4/1339999-a.mp4</subfield>
    <subfield code="s">208580812</subfield>
    <subfield code="y">Video 1339999-a</subfield>
    <subfield code="z">mp4 video format (640x360)</subfield>
    <subfield code="w">(PICTURAE:MD5)ac_S1V1_1339999-a.mp4;e6622a6bd5845bcb757c0c2542f54adb</subfield>
    <subfield code="8">a</subfield>
  </datafield>
  <datafield tag="856" ind1="7" ind2=" ">
    <subfield code="2">EOS</subfield>
    <subfield code="q">MKV</subfield>
    <subfield code="d">/eos/media/cds/public/www/digital-memory/media-archive/video/mkv/1339999-a.mkv</subfield>
    <subfield code="s">18786955676</subfield>
    <subfield code="w">(PICTURAE:MD5)pm_S1V1_1339999-a.mkv;c9ad11a78c6bd61d785a101f5899a622</subfield>
    <subfield code="8">a</subfield>
  </datafield>
  <datafield tag="856" ind1="7" ind2=" ">
    <subfield code="2">EOS</subfield>
    <subfield code="q">MOV</subfield>
    <subfield code="d">/eos/media/cds/public/www/digital-memory/media-archive/video/mov/1339999-a.mov</subfield>
    <subfield code="s">5209350258</subfield>
    <subfield code="w">(PICTURAE:MD5)am_S1V1_1339999-a.mov;63dabef7748e9f4d318a7cdf005e101d</subfield>
    <subfield code="8">a</subfield>
  </datafield>
  <datafield tag="856" ind1="4" ind2=" ">
    <subfield code="2">EOS</subfield>
    <subfield code="q">MP4</subfield>
    <subfield code="u">http://cern.ch/digital-memory/media-archive/video/mp4/1339999-b.mp4</subfield>
    <subfield code="s">116978965</subfield>
    <subfield code="y">Video 1339999-b</subfield>
    <subfield code="z">mp4 video format (640x360)</subfield>
    <subfield code="w">(PICTURAE:MD5)ac_S1V1_1339999-b.mp4;ac21a275da52388369a10d3c1d182036</subfield>
    <subfield code="8">b</subfield>
  </datafield>
  <datafield tag="856" ind1="7" ind2=" ">
    <subfield code="2">EOS</subfield>
    <subfield code="q">MKV</subfield>
    <subfield code="d">/eos/media/cds/public/www/digital-memory/media-archive/video/mkv/1339999-b.mkv</subfield>
    <subfield code="s">11354169788</subfield>
    <subfield code="w">(PICTURAE:MD5)pm_S1V1_1339999-b.mkv;df6df2f96ca455895954b3514cdf819d</subfield>
    <subfield code="8">b</subfield>
  </datafield>
  <datafield tag="856" ind1="7" ind2=" ">
    <subfield code="2">EOS</subfield>
    <subfield code="q">MOV</subfield>
    <subfield code="d">/eos/media/cds/public/www/digital-memory/media-archive/video/mov/1339999-b.mov</subfield>
    <subfield code="s">2923923198</subfield>
    <subfield code="w">(PICTURAE:MD5)am_S1V1_1339999-b.mov;157aedf3ffb8a4464238376cb465395e</subfield>
    <subfield code="8">b</subfield>
  </datafield>
  <datafield tag="859" ind1=" " ind2=" ">
    <subfield code="f">christiane.montarbaud@cern.ch</subfield>
  </datafield>
  <datafield tag="960" ind1=" " ind2=" ">
    <subfield code="a">85</subfield>
  </datafield>
  <datafield tag="963" ind1=" " ind2=" ">
    <subfield code="a">PUBLIC</subfield>
  </datafield>
  <datafield tag="970" ind1=" " ind2=" ">
    <subfield code="a">AVW.clip.370</subfield>
  </datafield>
  <datafield tag="970" ind1=" " ind2=" ">
    <subfield code="d">https://videos.cern.ch/record/1339999</subfield>
  </datafield>
  <datafield tag="980" ind1=" " ind2=" ">
    <subfield code="a">PUBLVIDEOMOVIE</subfield>
  </datafield>
  <datafield tag="980" ind1=" " ind2=" ">
    <subfield code="b">VIDEOMEDIALAB</subfield>
  </datafield>
  <datafield tag="980" ind1=" " ind2=" ">
    <subfield code="c">MIGRATED</subfield>
  </datafield>
</record>