
</collection>
<collection xmlns="http://www.loc.gov/MARC21/slim">
<record>
  <controlfield tag="001">1142570</controlfield>
  <controlfield tag="005">20221102231739.0</controlfield>
  <datafield tag="024" ind1="8" ind2=" ">
    <subfield code="a">oai:cds.cern.ch:1142570</subfield>
    <subfield code="p">cerncds:TALK</subfield>
    <subfield code="p">cerncds:MEMORIAV</subfield>
  </datafield>
  <datafield tag="041" ind1=" " ind2=" ">
    <subfield code="9">review</subfield>
    <subfield code="a">eng</subfield>
  </datafield>
  <datafield tag="110" ind1=" " ind2=" ">
    <subfield code="a">CERN. Geneva</subfield>
  </datafield>
  <datafield tag="111" ind1=" " ind2=" ">
    <subfield code="9">2008-11-24T14:00:00</subfield>
    <subfield code="a">Archaeology of the Universe</subfield>
    <subfield code="c">CERN - Main Auditorium</subfield>
    <subfield code="g">46341</subfield>
    <subfield code="z">2008-11-24T15:00:00</subfield>
  </datafield>
  <datafield tag="245" ind1=" " ind2=" ">
    <subfield code="a">Archaeology of the Universe</subfield>
  </datafield>
  <datafield tag="260" ind1=" " ind2=" ">
    <subfield code="c">2008</subfield>
  </datafield>
  <datafield tag="260" ind1=" " ind2=" ">
    <subfield code="9">review</subfield>
    <subfield code="c">2008 0</subfield>
  </datafield>
  <datafield tag="269" ind1=" " ind2=" ">
    <subfield code="c">2008-11-24</subfield>
  </datafield>
  <datafield tag="300" ind1=" " ind2=" ">
    <subfield code="a">Streaming video</subfield>
    <subfield code="b">720x576 16/9, 25</subfield>
  </datafield>
  <datafield tag="300" ind1=" " ind2=" ">
    <subfield code="2">46341</subfield>
    <subfield code="a">01:07:55:00</subfield>
    <subfield code="b">720x576 16/9, 25</subfield>
  </datafield>
  <datafield tag="340" ind1=" " ind2=" ">
    <subfield code="a">Streaming video</subfield>
  </datafield>
  <datafield tag="490" ind1=" " ind2=" ">
    <subfield code="a">SET-Routes Insight Lectures</subfield>
  </datafield>
  <datafield tag="500" ind1=" " ind2=" ">
    <subfield code="a">The video was digitized from its original recording as part of the CERN Digital Memory project</subfield>
  </datafield>
  <datafield tag="511" ind1="1" ind2=" ">
    <subfield code="8">3</subfield>
    <subfield code="9">review</subfield>
    <subfield code="a">Felicitas Pauss</subfield>
  </datafield>
  <datafield tag="511" ind1="1" ind2=" ">
    <subfield code="8">4</subfield>
    <subfield code="9">review</subfield>
    <subfield code="a">Felicitas Pauss</subfield>
  </datafield>
  <datafield tag="511" ind1="1" ind2=" ">
    <subfield code="8">5</subfield>
    <subfield code="9">review</subfield>
    <subfield code="a">Felicitas Pauss</subfield>
  </datafield>
  <datafield tag="511" ind1="1" ind2=" ">
    <subfield code="8">1</subfield>
    <subfield code="9">review</subfield>
    <subfield code="a">Felicitas Pauss</subfield>
  </datafield>
  <datafield tag="514" ind1=" " ind2=" ">
    <subfield code="a">Low audio level - poor quality - out of phase -  Low RF, noisy picture -</subfield>
  </datafield>
  <datafield tag="514" ind1=" " ind2=" ">
    <subfield code="a">Low RF, noisy picture -</subfield>
  </datafield>
  <datafield tag="514" ind1=" " ind2=" ">
    <subfield code="a">Audio present but not on all channels -  Low audio level - poor quality - out of phase -  No audio (silence) -</subfield>
  </datafield>
  <datafield tag="514" ind1=" " ind2=" ">
    <subfield code="8">1</subfield>
    <subfield code="a">Low audio level - poor quality - out of phase -</subfield>
  </datafield>
  <datafield tag="518" ind1=" " ind2=" ">
    <subfield code="d">2008-11-24T14:00:00</subfield>
  </datafield>
  <datafield tag="520" ind1=" " ind2=" ">
    <subfield code="a">&lt;!--HTML-->The Mystery of matter, space and time</subfield>
  </datafield>
  <datafield tag="520" ind1=" " ind2=" ">
    <subfield code="8">3</subfield>
    <subfield code="9">review</subfield>
    <subfield code="a">A lecture on the mystery of matter, space and time</subfield>
  </datafield>
  <datafield tag="542" ind1=" " ind2=" ">
    <subfield code="d">CERN</subfield>
    <subfield code="g">2008</subfield>
  </datafield>
  <datafield tag="542" ind1="1" ind2=" ">
    <subfield code="9">review</subfield>
    <subfield code="d">CERN</subfield>
    <subfield code="g">2008 0</subfield>
  </datafield>
  <datafield tag="583" ind1="1" ind2=" ">
    <subfield code="2">pda</subfield>
    <subfield code="3">DVCam</subfield>
    <subfield code="5">SzGeCERN</subfield>
    <subfield code="6">WEEK47-public</subfield>
    <subfield code="8">3</subfield>
    <subfield code="a">digitized</subfield>
    <subfield code="b">S1V1: SDI Signal - Digital Betacam, Betacam SP, Betacam, Betacam SX, DVCAM, DVCPRO, DV/Mini DV</subfield>
    <subfield code="c">20171122</subfield>
    <subfield code="f">CERN Digital Memory Project</subfield>
    <subfield code="f">public</subfield>
    <subfield code="i">CREATE-MARC-run20180620_0958</subfield>
    <subfield code="k">PICTURAE</subfield>
    <subfield code="l">Felcicitas Pauss Mixage</subfield>
    <subfield code="u">https://cds.cern.ch/record/2257246</subfield>
    <subfield code="x">- VISUAL INSPECTION TABLE timing: from 17/11/2017 15:42 to 17/11/2017 15:42 -
 - RTI VT 4100 timing: from 21/11/2017 08:42 to 21/11/2017 09:29 -
 - MAC-V012 timing: from 22/11/2017 14:26 to 22/11/2017 15:56 -
 - MANUAL QC GEN timing: from 22/11/2017 15:57 to 22/11/2017 15:57 -</subfield>
    <subfield code="z">- VISUAL INSPECTION TABLE of DVCam () true  - 
 - RTI VT 4100 of DVCam () true  - 
 - MAC-V012 of DVCam () true Low audio level - poor quality - out of phase | Low RF, noisy picture - 
 - MANUAL QC GEN of DVCam () true  -</subfield>
  </datafield>
  <datafield tag="583" ind1="1" ind2=" ">
    <subfield code="2">pda</subfield>
    <subfield code="3">DVCam</subfield>
    <subfield code="5">SzGeCERN</subfield>
    <subfield code="6">WEEK47-public</subfield>
    <subfield code="8">4</subfield>
    <subfield code="a">digitized</subfield>
    <subfield code="b">S1V1: SDI Signal - Digital Betacam, Betacam SP, Betacam, Betacam SX, DVCAM, DVCPRO, DV/Mini DV</subfield>
    <subfield code="c">20171121</subfield>
    <subfield code="f">CERN Digital Memory Project</subfield>
    <subfield code="f">public</subfield>
    <subfield code="i">CREATE-MARC-run20180620_0958</subfield>
    <subfield code="k">PICTURAE</subfield>
    <subfield code="l">Felcicitas Pauss Public + Intervenant</subfield>
    <subfield code="u">https://cds.cern.ch/record/2257246</subfield>
    <subfield code="x">- VISUAL INSPECTION TABLE timing: from 17/11/2017 15:58 to 17/11/2017 15:58 -
 - RTI VT 4100 timing: from 20/11/2017 09:50 to 20/11/2017 10:26 -
 - MAC-V016 timing: from 21/11/2017 10:28 to 21/11/2017 12:37 -
 - MANUAL QC GEN timing: from 21/11/2017 12:37 to 21/11/2017 12:37 -</subfield>
    <subfield code="z">- VISUAL INSPECTION TABLE of DVCam () true  - 
 - RTI VT 4100 of DVCam () true  - 
 - MAC-V016 of DVCam () true Low RF, noisy picture - 
 - MANUAL QC GEN of DVCam () true  -</subfield>
  </datafield>
  <datafield tag="583" ind1="1" ind2=" ">
    <subfield code="2">pda</subfield>
    <subfield code="3">DVD</subfield>
    <subfield code="5">SzGeCERN</subfield>
    <subfield code="6">WEEK10-public</subfield>
    <subfield code="8">1</subfield>
    <subfield code="a">digitized</subfield>
    <subfield code="b">D1V1: Digital Signal - DVD</subfield>
    <subfield code="c">20180312</subfield>
    <subfield code="f">CERN Digital Memory Project</subfield>
    <subfield code="f">public</subfield>
    <subfield code="i">CREATE-MARC-run20180622_170551</subfield>
    <subfield code="k">PICTURAE</subfield>
    <subfield code="l">Inside Lecture Part I</subfield>
    <subfield code="u">https://cds.cern.ch/record/2257246</subfield>
    <subfield code="x">- VISUAL INSPECTION TABLE timing: from 19/02/2018 14:36 to 19/02/2018 14:36 -
 - DVD-Station timing: from 20/02/2018 16:15 to 20/02/2018 16:59 -
 - MANUAL QC GEN timing: from 20/02/2018 16:59 to 20/02/2018 16:59 -
 - MANUAL QC GEN timing: from 26/02/2018 22:59 to 26/02/2018 22:59 -
 - FILE_PRESENCE timing: from 26/02/2018 22:59 to 26/02/2018 22:59 -
 - MANUAL QC GEN timing: from 12/03/2018 23:10 to 12/03/2018 23:10 -
 - FILE_PRESENCE timing: from 12/03/2018 23:10 to 12/03/2018 23:10 -</subfield>
    <subfield code="z">- VISUAL INSPECTION TABLE of DVD () true  - 
 - DVD-Station of DVD () true Low audio level - poor quality - out of phase - 
 - MANUAL QC GEN of DVD () true  - 
 - MANUAL QC GEN of DVD () true  - 
 - FILE_PRESENCE of DVD () true  - 
 - MANUAL QC GEN of DVD () true  - 
 - FILE_PRESENCE of DVD () true  -</subfield>
  </datafield>
  <datafield tag="583" ind1=" " ind2=" ">
    <subfield code="a">curation</subfield>
    <subfield code="c">Decembre 2020</subfield>
    <subfield code="8">2a</subfield>
    <subfield code="z"> -Audio: TRUE -Video Signal: TRUE -Multiple: FALSE -Relevant to CERN: TRUE -Action required: To be added -Duplicate: TRUE -Found: 1142570</subfield>
  </datafield>
  <datafield tag="583" ind1=" " ind2=" ">
    <subfield code="a">curation</subfield>
    <subfield code="c">Decembre 2020</subfield>
    <subfield code="8">2b</subfield>
    <subfield code="z"> -Audio: TRUE -Video Signal: FALSE -Multiple: FALSE -Relevant to CERN: TRUE -Action required: To be added -Duplicate: TRUE -Found: 1142570</subfield>
  </datafield>
  <datafield tag="583" ind1=" " ind2=" ">
    <subfield code="a">curation</subfield>
    <subfield code="c">Decembre 2020</subfield>
    <subfield code="z"> -Audio: FALSE -Video Signal: FALSE -Multiple: FALSE -Relevant to CERN: TRUE -Action required: To be removed -Duplicate: TRUE</subfield>
  </datafield>
  <datafield tag="590" ind1=" " ind2=" ">
    <subfield code="8">3</subfield>
    <subfield code="9">review</subfield>
    <subfield code="a">Conf\xc3\xa9rence sur l\'univers , l\'atome , le big-bang , et le LHC</subfield>
  </datafield>
  <datafield tag="594" ind1=" " ind2=" ">
    <subfield code="9">review</subfield>
    <subfield code="a">Conference Speech</subfield>
  </datafield>
  <datafield tag="595" ind1=" " ind2=" ">
    <subfield code="a">The digitized video file was linked to this record in Dec.2020.</subfield>
  </datafield>
  <datafield tag="597" ind1=" " ind2=" ">
    <subfield code="8">3</subfield>
    <subfield code="9">review</subfield>
    <subfield code="a">3 and 4 look like a duplicate, 5 is broken</subfield>
  </datafield>
  <datafield tag="597" ind1=" " ind2=" ">
    <subfield code="8">4</subfield>
    <subfield code="9">review</subfield>
    <subfield code="a">4 and 4 look like a duplicate, 5 is broken</subfield>
  </datafield>
  <datafield tag="597" ind1=" " ind2=" ">
    <subfield code="8">5</subfield>
    <subfield code="9">review</subfield>
    <subfield code="a">5 and 4 look like a duplicate, 5 is broken</subfield>
  </datafield>
  <datafield tag="597" ind1=" " ind2=" ">
    <subfield code="8">1</subfield>
    <subfield code="9">review</subfield>
    <subfield code="a">6 and 4 look like a duplicate, 5 is broken</subfield>
  </datafield>
  <datafield tag="650" ind1="1" ind2="7">
    <subfield code="a">SET-Routes Insight Lectures</subfield>
  </datafield>
  <datafield tag="650" ind1="2" ind2="7">
    <subfield code="9">review</subfield>
    <subfield code="a">Accelerators</subfield>
  </datafield>
  <datafield tag="653" ind1="1" ind2=" ">
    <subfield code="9">review</subfield>
    <subfield code="a">Atom</subfield>
  </datafield>
  <datafield tag="653" ind1="1" ind2=" ">
    <subfield code="9">review</subfield>
    <subfield code="a">Big Bang</subfield>
  </datafield>
  <datafield tag="653" ind1="1" ind2=" ">
    <subfield code="9">review</subfield>
    <subfield code="a">LHC</subfield>
  </datafield>
  <datafield tag="653" ind1="1" ind2=" ">
    <subfield code="9">review</subfield>
    <subfield code="a">Universe</subfield>
  </datafield>
  <datafield tag="690" ind1="C" ind2=" ">
    <subfield code="a">TALK</subfield>
  </datafield>
  <datafield tag="690" ind1="C" ind2=" ">
    <subfield code="a">CERN</subfield>
  </datafield>
  <datafield tag="690" ind1="C" ind2=" ">
    <subfield code="a">movingimages</subfield>
  </datafield>
  <datafield tag="690" ind1="C" ind2=" ">
    <subfield code="9">CERN QA</subfield>
    <subfield code="a">quality-controlled</subfield>
  </datafield>
  <datafield tag="690" ind1="C" ind2=" ">
    <subfield code="9">review</subfield>
    <subfield code="a">reviewed</subfield>
  </datafield>
  <datafield tag="690" ind1="C" ind2=" ">
    <subfield code="a">reviewed</subfield>
  </datafield>
  <datafield tag="700" ind1=" " ind2=" ">
    <subfield code="a">Felicitas Pauss</subfield>
    <subfield code="e">speaker</subfield>
  </datafield>
  <datafield tag="852" ind1=" " ind2=" ">
    <subfield code="9">Mixage</subfield>
    <subfield code="a">510-R-005</subfield>
    <subfield code="c">CM-A00000012</subfield>
    <subfield code="x">DVCAM</subfield>
  </datafield>
  <datafield tag="852" ind1=" " ind2=" ">
    <subfield code="9">Speaker</subfield>
    <subfield code="a">510-R-005</subfield>
    <subfield code="c">CM-A00000012</subfield>
    <subfield code="x">DVCAM</subfield>
  </datafield>
  <datafield tag="852" ind1=" " ind2=" ">
    <subfield code="9">Public + Intervenant</subfield>
    <subfield code="a">510-R-005</subfield>
    <subfield code="c">CM-A00000012</subfield>
    <subfield code="x">DVCAM</subfield>
  </datafield>
  <datafield tag="852" ind1=" " ind2=" ">
    <subfield code="9">1</subfield>
    <subfield code="a">510-R-005</subfield>
    <subfield code="c">CM-A00000010</subfield>
    <subfield code="x">DVD</subfield>
  </datafield>
  <datafield tag="852" ind1=" " ind2=" ">
    <subfield code="9">2</subfield>
    <subfield code="a">510-R-005</subfield>
    <subfield code="c">CM-A00000010</subfield>
    <subfield code="x">DVD</subfield>
  </datafield>
  <datafield tag="852" ind1=" " ind2=" ">
    <subfield code="a">510-R-005</subfield>
    <subfield code="c">CM-A00000010</subfield>
    <subfield code="x">DVD</subfield>
  </datafield>
  <datafield tag="856" ind1="7" ind2=" ">
    <subfield code="2">MediaArchive</subfield>
    <subfield code="d">\\\\cern.ch\\dfs\\Services\\MediaArchive\\Video\\Masters\\Conferences\\2008\\46341.mpg</subfield>
    <subfield code="x">Absolute master path</subfield>
  </datafield>
  <datafield tag="856" ind1="7" ind2=" ">
    <subfield code="2">MediaArchive</subfield>
    <subfield code="u">http://mediaarchive.cern.ch/MediaArchive/Video/Public/Conferences/2008/46341/46341-0480-kbps-512x288-25-fps-audio-128-kbps-48-kHz-stereo.wmv</subfield>
    <subfield code="x">wmv0480</subfield>
    <subfield code="y">0480 kbps 512x288 25 fps audio 128 kbps 48 kHz stereo</subfield>
  </datafield>
  <datafield tag="856" ind1="7" ind2=" ">
    <subfield code="2">MediaArchive</subfield>
    <subfield code="u">http://mediaarchive.cern.ch/MediaArchive/Video/Public/Conferences/2008/46341/46341-0600-kbps-maxH-360-25-fps-audio-128-kbps-48-kHz-stereo.mp4</subfield>
    <subfield code="x">mp40600</subfield>
    <subfield code="y">0600 kbps maxH 360 25 fps audio 128 kbps 48 kHz stereo</subfield>
  </datafield>
  <datafield tag="856" ind1="7" ind2=" ">
    <subfield code="2">MediaArchive</subfield>
    <subfield code="u">http://mediaarchive.cern.ch/MediaArchive/Video/Public/Conferences/2008/46341/46341-0753-kbps-640x360-25-fps-audio-64-kbps-44-kHz-stereo.flv</subfield>
    <subfield code="x">flv0753</subfield>
    <subfield code="y">0753 kbps 640x360 25 fps audio 64 kbps 44 kHz stereo</subfield>
  </datafield>
  <datafield tag="856" ind1="7" ind2=" ">
    <subfield code="2">MediaArchive</subfield>
    <subfield code="u">http://mediaarchive.cern.ch/MediaArchive/Video/Public/Conferences/2008/46341/46341-0753-kbps-640x360-25-fps-audio-64-kbps-48-kHz-stereo.wmv</subfield>
    <subfield code="x">wmv0753</subfield>
    <subfield code="y">0753 kbps 640x360 25 fps audio 64 kbps 48 kHz stereo</subfield>
  </datafield>
  <datafield tag="856" ind1="7" ind2=" ">
    <subfield code="2">MediaArchive</subfield>
    <subfield code="u">http://mediaarchive.cern.ch/MediaArchive/Video/Public/Conferences/2008/46341/46341-Multirate-200-to-753-kbps-640x360-25-fps.wmv</subfield>
    <subfield code="x">wmvMultirate</subfield>
    <subfield code="y">Multirate 200 to 753 kbps 640x360 25 fps</subfield>
  </datafield>
  <datafield tag="856" ind1="7" ind2=" ">
    <subfield code="2">MediaArchive</subfield>
    <subfield code="u">http://mediaarchive.cern.ch/MediaArchive/Video/Public/Conferences/2008/46341/46341-posterframe-640x360-at-0-percent.jpg</subfield>
    <subfield code="x">jpgposterframe</subfield>
    <subfield code="y">posterframe 640x360 at 0 percent</subfield>
  </datafield>
  <datafield tag="856" ind1="7" ind2=" ">
    <subfield code="2">MediaArchive</subfield>
    <subfield code="u">http://mediaarchive.cern.ch/MediaArchive/Video/Public/Conferences/2008/46341/46341-posterframe-640x360-at-10-percent.jpg</subfield>
    <subfield code="x">jpgposterframe</subfield>
    <subfield code="y">posterframe 640x360 at 10 percent</subfield>
  </datafield>
  <datafield tag="856" ind1="7" ind2=" ">
    <subfield code="2">MediaArchive</subfield>
    <subfield code="u">http://mediaarchive.cern.ch/MediaArchive/Video/Public/Conferences/2008/46341/46341-posterframe-640x360-at-20-percent.jpg</subfield>
    <subfield code="x">jpgposterframe</subfield>
    <subfield code="y">posterframe 640x360 at 20 percent</subfield>
  </datafield>
  <datafield tag="856" ind1="7" ind2=" ">
    <subfield code="2">MediaArchive</subfield>
    <subfield code="u">http://mediaarchive.cern.ch/MediaArchive/Video/Public/Conferences/2008/46341/46341-posterframe-640x360-at-30-percent.jpg</subfield>
    <subfield code="x">jpgposterframe</subfield>
    <subfield code="y">posterframe 640x360 at 30 percent</subfield>
  </datafield>
  <datafield tag="856" ind1="7" ind2=" ">
    <subfield code="2">MediaArchive</subfield>
    <subfield code="u">http://mediaarchive.cern.ch/MediaArchive/Video/Public/Conferences/2008/46341/46341-posterframe-640x360-at-40-percent.jpg</subfield>
    <subfield code="x">jpgposterframe</subfield>
    <subfield code="y">posterframe 640x360 at 40 percent</subfield>
  </datafield>
  <datafield tag="856" ind1="7" ind2=" ">
    <subfield code="2">MediaArchive</subfield>
    <subfield code="u">http://mediaarchive.cern.ch/MediaArchive/Video/Public/Conferences/2008/46341/46341-posterframe-640x360-at-50-percent.jpg</subfield>
    <subfield code="x">jpgposterframe</subfield>
    <subfield code="y">posterframe 640x360 at 50 percent</subfield>
  </datafield>
  <datafield tag="856" ind1="7" ind2=" ">
    <subfield code="2">MediaArchive</subfield>
    <subfield code="u">http://mediaarchive.cern.ch/MediaArchive/Video/Public/Conferences/2008/46341/46341-posterframe-640x360-at-60-percent.jpg</subfield>
    <subfield code="x">jpgposterframe</subfield>
    <subfield code="y">posterframe 640x360 at 60 percent</subfield>
  </datafield>
  <datafield tag="856" ind1="7" ind2=" ">
    <subfield code="2">MediaArchive</subfield>
    <subfield code="u">http://mediaarchive.cern.ch/MediaArchive/Video/Public/Conferences/2008/46341/46341-posterframe-640x360-at-70-percent.jpg</subfield>
    <subfield code="x">jpgposterframe</subfield>
    <subfield code="y">posterframe 640x360 at 70 percent</subfield>
  </datafield>
  <datafield tag="856" ind1="7" ind2=" ">
    <subfield code="2">MediaArchive</subfield>
    <subfield code="u">http://mediaarchive.cern.ch/MediaArchive/Video/Public/Conferences/2008/46341/46341-posterframe-640x360-at-80-percent.jpg</subfield>
    <subfield code="x">jpgposterframe</subfield>
    <subfield code="y">posterframe 640x360 at 80 percent</subfield>
  </datafield>
  <datafield tag="856" ind1="7" ind2=" ">
    <subfield code="2">MediaArchive</subfield>
    <subfield code="u">http://mediaarchive.cern.ch/MediaArchive/Video/Public/Conferences/2008/46341/46341-posterframe-640x360-at-90-percent.jpg</subfield>
    <subfield code="x">jpgposterframe</subfield>
    <subfield code="y">posterframe 640x360 at 90 percent</subfield>
  </datafield>
  <datafield tag="856" ind1="7" ind2=" ">
    <subfield code="2">MediaArchive</subfield>
    <subfield code="u">http://mediaarchive.cern.ch/MediaArchive/Video/Public/Conferences/2008/46341/46341-thumbnail-180x101-at-05-percent.jpg</subfield>
    <subfield code="x">jpgthumbnail</subfield>
    <subfield code="y">thumbnail 180x101 at 05 percent</subfield>
  </datafield>
  <datafield tag="856" ind1="7" ind2=" ">
    <subfield code="2">MediaArchive</subfield>
    <subfield code="u">http://mediaarchive.cern.ch/MediaArchive/Video/Public/Conferences/2008/46341/46341-thumbnail-80x45-at-10-percent.jpg</subfield>
    <subfield code="x">jpgthumbnail</subfield>
    <subfield code="y">thumbnail 80x45 at 10 percent</subfield>
  </datafield>
  <datafield tag="856" ind1="7" ind2=" ">
    <subfield code="2">MediaArchive</subfield>
    <subfield code="u">http://mediaarchive.cern.ch/MediaArchive/Video/Public/Conferences/2008/46341/46341-thumbnail-80x45-at-20-percent.jpg</subfield>
    <subfield code="x">jpgthumbnail</subfield>
    <subfield code="y">thumbnail 80x45 at 20 percent</subfield>
  </datafield>
  <datafield tag="856" ind1="7" ind2=" ">
    <subfield code="2">MediaArchive</subfield>
    <subfield code="u">http://mediaarchive.cern.ch/MediaArchive/Video/Public/Conferences/2008/46341/46341-thumbnail-80x45-at-30-percent.jpg</subfield>
    <subfield code="x">jpgthumbnail</subfield>
    <subfield code="y">thumbnail 80x45 at 30 percent</subfield>
  </datafield>
  <datafield tag="856" ind1="7" ind2=" ">
    <subfield code="2">MediaArchive</subfield>
    <subfield code="u">http://mediaarchive.cern.ch/MediaArchive/Video/Public/Conferences/2008/46341/46341-thumbnail-80x45-at-40-percent.jpg</subfield>
    <subfield code="x">jpgthumbnail</subfield>
    <subfield code="y">thumbnail 80x45 at 40 percent</subfield>
  </datafield>
  <datafield tag="856" ind1="7" ind2=" ">
    <subfield code="2">MediaArchive</subfield>
    <subfield code="u">http://mediaarchive.cern.ch/MediaArchive/Video/Public/Conferences/2008/46341/46341-thumbnail-80x45-at-50-percent.jpg</subfield>
    <subfield code="x">jpgthumbnail</subfield>
    <subfield code="y">thumbnail 80x45 at 50 percent</subfield>
  </datafield>
  <datafield tag="856" ind1="7" ind2=" ">
    <subfield code="2">MediaArchive</subfield>
    <subfield code="u">http://mediaarchive.cern.ch/MediaArchive/Video/Public/Conferences/2008/46341/46341-thumbnail-80x45-at-60-percent.jpg</subfield>
    <subfield code="x">jpgthumbnail</subfield>
    <subfield code="y">thumbnail 80x45 at 60 percent</subfield>
  </datafield>
  <datafield tag="856" ind1="7" ind2=" ">
    <subfield code="2">MediaArchive</subfield>
    <subfield code="u">http://mediaarchive.cern.ch/MediaArchive/Video/Public/Conferences/2008/46341/46341-thumbnail-80x45-at-70-percent.jpg</subfield>
    <subfield code="x">jpgthumbnail</subfield>
    <subfield code="y">thumbnail 80x45 at 70 percent</subfield>
  </datafield>
  <datafield tag="856" ind1="7" ind2=" ">
    <subfield code="2">MediaArchive</subfield>
    <subfield code="u">http://mediaarchive.cern.ch/MediaArchive/Video/Public/Conferences/2008/46341/46341-thumbnail-80x45-at-80-percent.jpg</subfield>
    <subfield code="x">jpgthumbnail</subfield>
    <subfield code="y">thumbnail 80x45 at 80 percent</subfield>
  </datafield>
  <datafield tag="856" ind1="7" ind2=" ">
    <subfield code="2">MediaArchive</subfield>
    <subfield code="u">http://mediaarchive.cern.ch/MediaArchive/Video/Public/Conferences/2008/46341/46341-thumbnail-80x45-at-90-percent.jpg</subfield>
    <subfield code="x">jpgthumbnail</subfield>
    <subfield code="y">thumbnail 80x45 at 90 percent</subfield>
  </datafield>
  <datafield tag="856" ind1="7" ind2=" ">
    <subfield code="2">EOS</subfield>
    <subfield code="8">3</subfield>
    <subfield code="d">/eos/media/cds/public/www/digital-memory/media-archive/video/open/mkv/1142570-3.mkv</subfield>
    <subfield code="q">MKV</subfield>
    <subfield code="s">46167332648</subfield>
    <subfield code="w">(PICTURAE:MD5)pm_S1V1_1142570-3.mkv;a6373f636ec9a3ab11bf95b63371d77e</subfield>
  </datafield>
  <datafield tag="856" ind1="7" ind2=" ">
    <subfield code="2">EOS</subfield>
    <subfield code="8">3</subfield>
    <subfield code="d">/eos/media/cds/public/www/digital-memory/media-archive/video/open/mov/1142570-3.mov</subfield>
    <subfield code="q">MOV</subfield>
    <subfield code="s">19442659857</subfield>
    <subfield code="w">(PICTURAE:MD5)am_S1V1_1142570-3.mov;fb074c237f7e86a3c3d40e20b80adb2a</subfield>
  </datafield>
  <datafield tag="856" ind1="7" ind2=" ">
    <subfield code="2">EOS</subfield>
    <subfield code="8">4</subfield>
    <subfield code="d">/eos/media/cds/public/www/digital-memory/media-archive/video/open/mkv/1142570-4.mkv</subfield>
    <subfield code="q">MKV</subfield>
    <subfield code="s">40170564342</subfield>
    <subfield code="w">(PICTURAE:MD5)pm_S1V1_1142570-4.mkv;8dc19ec103f8e7c5b297b4a258738aa3</subfield>
  </datafield>
  <datafield tag="856" ind1="7" ind2=" ">
    <subfield code="2">EOS</subfield>
    <subfield code="8">4</subfield>
    <subfield code="d">/eos/media/cds/public/www/digital-memory/media-archive/video/open/mov/1142570-4.mov</subfield>
    <subfield code="q">MOV</subfield>
    <subfield code="s">14904684789</subfield>
    <subfield code="w">(PICTURAE:MD5)am_S1V1_1142570-4.mov;3309783e01d48cefd7de7288ff14654c</subfield>
  </datafield>
  <datafield tag="856" ind1="7" ind2=" ">
    <subfield code="2">EOS</subfield>
    <subfield code="8">1</subfield>
    <subfield code="d">/eos/media/cds/public/www/digital-memory/media-archive/video/open/mkv/1142570-1.mkv</subfield>
    <subfield code="q">MKV</subfield>
    <subfield code="s">72544057963</subfield>
    <subfield code="w">(PICTURAE:MD5)pm_D1V1_1142570-1.mkv;a380254967b4f362d39b80abc4a47196</subfield>
  </datafield>
  <datafield tag="856" ind1="7" ind2=" ">
    <subfield code="2">EOS</subfield>
    <subfield code="8">1</subfield>
    <subfield code="d">/eos/media/cds/public/www/digital-memory/media-archive/video/open/mov/1142570-1.mov</subfield>
    <subfield code="q">MOV</subfield>
    <subfield code="s">19498643370</subfield>
    <subfield code="w">(PICTURAE:MD5)am_D1V1_1142570-1.mov;d88a2a2f748d2c08f6a9202e47b93a19</subfield>
  </datafield>
  <datafield tag="856" ind1="4" ind2=" ">
    <subfield code="u">http://indico.cern.ch/conferenceDisplay.py?confId=46341</subfield>
    <subfield code="y">Event details</subfield>
  </datafield>
  <datafield tag="856" ind1="4" ind2=" ">
    <subfield code="2">EOS</subfield>
    <subfield code="8">3</subfield>
    <subfield code="i">Video with Subtitles</subfield>
    <subfield code="q">MP4</subfield>
    <subfield code="s">826118619</subfield>
    <subfield code="u">https://cern.ch/digital-memory/media-archive/video/open/mp4/1142570-3.mp4</subfield>
    <subfield code="w">(PICTURAE:MD5)ac_S1V1_1142570-3.mp4;a4d8763415c78e9ce33c2dcbf0ad8ae8</subfield>
    <subfield code="y">Video-1142570-3</subfield>
    <subfield code="z">mp4 video format (640x360)</subfield>
  </datafield>
  <datafield tag="856" ind1="4" ind2=" ">
    <subfield code="2">EOS</subfield>
    <subfield code="8">4</subfield>
    <subfield code="q">MP4</subfield>
    <subfield code="s">598062313</subfield>
    <subfield code="u">https://cern.ch/digital-memory/media-archive/video/open/mp4/1142570-4.mp4</subfield>
    <subfield code="w">(PICTURAE:MD5)ac_S1V1_1142570-4.mp4;cae638c38d3e0137eafddda516081455</subfield>
    <subfield code="y">Video-1142570-4</subfield>
    <subfield code="z">mp4 video format (640x360)</subfield>
  </datafield>
  <datafield tag="856" ind1="4" ind2=" ">
    <subfield code="2">EOS</subfield>
    <subfield code="8">1</subfield>
    <subfield code="q">MP4</subfield>
    <subfield code="s">928564310</subfield>
    <subfield code="u">https://cern.ch/digital-memory/media-archive/video/open/mp4/1142570-1.mp4</subfield>
    <subfield code="w">(PICTURAE:MD5)ac_D1V1_1142570-1.mp4;86b1486e8bbc62180c95bea239f600f0</subfield>
    <subfield code="y">Video-1142570-1</subfield>
    <subfield code="z">mp4 video format (640x360)</subfield>
  </datafield>
  <datafield tag="856" ind1="4" ind2=" ">
    <subfield code="2">EOS</subfield>
    <subfield code="q">MP4</subfield>
    <subfield code="u">https://cern.ch/digital-memory/media-archive/video/open/mp4/1142570-2a.mp4</subfield>
    <subfield code="y">Video-1142570-2a</subfield>
    <subfield code="z">mp4 video format (640x360)</subfield>
    <subfield code="w">(PICTURAE:MD5)ac_D1V1_1142570-2a.mp4;10e8d57b699d8955993066053895c1bd</subfield>
    <subfield code="x">Reviewed by Tom Barth\xc3\xa9l\xc3\xa9my in Decembre 2020</subfield>
  </datafield>
  <datafield tag="856" ind1="4" ind2=" ">
    <subfield code="2">EOS</subfield>
    <subfield code="q">MP4</subfield>
    <subfield code="u">https://cern.ch/digital-memory/media-archive/video/open/mp4/1142570-2b.mp4</subfield>
    <subfield code="y">Video-1142570-2b</subfield>
    <subfield code="z">mp4 video format (640x360)</subfield>
    <subfield code="w">(PICTURAE:MD5)ac_D1V1_1142570-2b.mp4;f74fc3aec707758e311c245b41814ea9</subfield>
  </datafield>
  <datafield tag="856" ind1="7" ind2=" ">
    <subfield code="2">EOS</subfield>
    <subfield code="q">MOV</subfield>
    <subfield code="d">/eos/media/cds/public/www/digital-memory/media-archive/video/open/mov/1142570-2a.mov</subfield>
    <subfield code="w">(PICTURAE:MD5)am_D1V1_1142570-2a.mov;f4ad6199a17fbb730912fe866fcd67f4</subfield>
    <subfield code="x">Reviewed by Tom Barth\xc3\xa9l\xc3\xa9my in Decembre 2020</subfield>
  </datafield>
  <datafield tag="856" ind1="7" ind2=" ">
    <subfield code="2">EOS</subfield>
    <subfield code="q">MOV</subfield>
    <subfield code="d">/eos/media/cds/public/www/digital-memory/media-archive/video/open/mov/1142570-2b.mov</subfield>
    <subfield code="w">(PICTURAE:MD5)am_D1V1_1142570-2b.mov;2edc8569f87101dce09715480b47283b</subfield>
  </datafield>
  <datafield tag="856" ind1="7" ind2=" ">
    <subfield code="2">EOS</subfield>
    <subfield code="q">MOV</subfield>
    <subfield code="d">/eos/media/cds/public/www/digital-memory/media-archive/video/open/mov/1142570.mov</subfield>
    <subfield code="w">(PICTURAE:MD5)am_D1V1_1142570.mov;6ab776c3a333174cb4f26f5b07f8c546</subfield>
  </datafield>
  <datafield tag="856" ind1="7" ind2=" ">
    <subfield code="2">EOS</subfield>
    <subfield code="q">MKV</subfield>
    <subfield code="d">/eos/media/cds/public/www/digital-memory/media-archive/video/open/mkv/1142570-2a.mkv</subfield>
    <subfield code="w">(PICTURAE:MD5)pm_D1V1_1142570-2a.mkv;44331e9a76d1d6eaa3f186b05e5e8e81</subfield>
    <subfield code="x">Reviewed by Tom Barth\xc3\xa9l\xc3\xa9my in Decembre 2020</subfield>
  </datafield>
  <datafield tag="856" ind1="7" ind2=" ">
    <subfield code="2">EOS</subfield>
    <subfield code="q">MKV</subfield>
    <subfield code="d">/eos/media/cds/public/www/digital-memory/media-archive/video/open/mkv/1142570-2b.mkv</subfield>
    <subfield code="w">(PICTURAE:MD5)pm_D1V1_1142570-2b.mkv;ecf7e3d827316475fba90112991f6495</subfield>
  </datafield>
  <datafield tag="856" ind1="7" ind2=" ">
    <subfield code="2">EOS</subfield>
    <subfield code="q">MKV</subfield>
    <subfield code="d">/eos/media/cds/public/www/digital-memory/media-archive/video/open/mkv/1142570.mkv</subfield>
    <subfield code="w">(PICTURAE:MD5)pm_D1V1_1142570.mkv;bf210eab5279a573cceff661fa539590</subfield>
  </datafield>
  <datafield tag="859" ind1=" " ind2=" ">
    <subfield code="f">jacques.fichet@cern.ch</subfield>
  </datafield>
  <datafield tag="906" ind1=" " ind2=" ">
    <subfield code="p">Felicitas Pauss</subfield>
  </datafield>
  <datafield tag="960" ind1=" " ind2=" ">
    <subfield code="a">200</subfield>
  </datafield>
  <datafield tag="961" ind1=" " ind2=" ">
    <subfield code="c">2008-11-27T15:39:07</subfield>
    <subfield code="x">2008-11-27T16:37:53</subfield>
  </datafield>
  <datafield tag="963" ind1=" " ind2=" ">
    <subfield code="a">PUBLIC</subfield>
  </datafield>
  <datafield tag="963" ind1=" " ind2=" ">
    <subfield code="9">review</subfield>
    <subfield code="a">PUBLIC</subfield>
  </datafield>
  <datafield tag="970" ind1=" " ind2=" ">
    <subfield code="a">INDICO.46341</subfield>
  </datafield>
  <datafield tag="980" ind1=" " ind2=" ">
    <subfield code="a">Indico</subfield>
    <subfield code="b">CMTE</subfield>
  </datafield>
</record>